@misc{gobbi,
    title={Concept Tagging for Natural Language Understanding: Two Decadelong Algorithm Development},
    author={Jacopo Gobbi and Evgeny Stepanov and Giuseppe Riccardi},
    year={2018},
    eprint={1807.10661},
    archivePrefix={arXiv},
    primaryClass={cs.CL}
}

@article{lstm,
author = {Hochreiter, Sepp and Schmidhuber, J\"{u}rgen},
title = {Long Short-Term Memory},
year = {1997},
issue_date = {November 1997},
publisher = {MIT Press},
address = {Cambridge, MA, USA},
volume = {9},
number = {8},
issn = {0899-7667},
url = {https://doi.org/10.1162/neco.1997.9.8.1735},
doi = {10.1162/neco.1997.9.8.1735},
journal = {Neural Comput.},
month = nov,
pages = {1735–1780},
numpages = {46}
}	

@InProceedings{yao2014recurrent,
author = {Yao, Kaisheng and Peng, Baolin and Zweig, Geoffrey and Yu, Dong and Li, Xiaolong(Shiao-Long) and Gao, Feng},
title = {Recurrent Conditional Random Field for Language Understanding},
booktitle = {ICASSP 2014},
year = {2014},
month = {January},
publisher = {IEEE International Conference on Acoustics, Speech, and Signal Processing (ICASSP)},
url = {https://www.microsoft.com/en-us/research/publication/recurrent-conditional-random-field-for-language-understanding/},
edition = {ICASSP 2014},
}

@article{DBLP:journals/corr/HuangXY15,
  author    = {Zhiheng Huang and
               Wei Xu and
               Kai Yu},
  title     = {Bidirectional {LSTM-CRF} Models for Sequence Tagging},
  journal   = {CoRR},
  volume    = {abs/1508.01991},
  year      = {2015},
  url       = {http://arxiv.org/abs/1508.01991},
  archivePrefix = {arXiv},
  eprint    = {1508.01991},
  timestamp = {Mon, 13 Aug 2018 16:46:46 +0200},
  biburl    = {https://dblp.org/rec/bib/journals/corr/HuangXY15},
  bibsource = {dblp computer science bibliography, https://dblp.org}
}

@inproceedings{speer2017conceptnet,
    title = {{ConceptNet} 5.5: An Open Multilingual Graph of General Knowledge},
    url = {http://aaai.org/ocs/index.php/AAAI/AAAI17/paper/view/14972},
    author = {Speer, Robyn and Chin, Joshua and Havasi, Catherine},
    year = {2017},
    pages = {4444--4451}
}

@inproceedings{pennington2014glove,
  author = {Jeffrey Pennington and Richard Socher and Christopher D. Manning},
  booktitle = {Empirical Methods in Natural Language Processing (EMNLP)},
  title = {GloVe: Global Vectors for Word Representation},
  year = {2014},
  pages = {1532--1543},
  url = {http://www.aclweb.org/anthology/D14-1162},
}

@misc{mikolov2013efficient,
    title={Efficient Estimation of Word Representations in Vector Space},
    author={Tomas Mikolov and Kai Chen and Greg Corrado and Jeffrey Dean},
    year={2013},
    eprint={1301.3781},
    archivePrefix={arXiv},
    primaryClass={cs.CL}
}

@inproceedings{Lison2016OpenSubtitles2016EL,
  title={OpenSubtitles2016: Extracting Large Parallel Corpora from Movie and TV Subtitles},
  author={Pierre Lison and J{\"o}rg Tiedemann},
  booktitle={LREC},
  year={2016}
}

@inproceedings{Peters:2018,
  author={Peters, Matthew E. and  Neumann, Mark and Iyyer, Mohit and Gardner, Matt and Clark, Christopher and Lee, Kenton and Zettlemoyer, Luke},
  title={Deep contextualized word representations},
  booktitle={Proc. of NAACL},
  year={2018}
}

@misc{devlin2018bert,
    title={BERT: Pre-training of Deep Bidirectional Transformers for Language Understanding},
    author={Jacob Devlin and Ming-Wei Chang and Kenton Lee and Kristina Toutanova},
    year={2018},
    eprint={1810.04805},
    archivePrefix={arXiv},
    primaryClass={cs.CL}
}

@inproceedings{moviebook,
title = {Aligning Books and Movies: Towards Story-like Visual Explanations by Watching Movies and Reading Books},
author = {Yukun Zhu and Ryan Kiros and Richard Zemel and Ruslan Salakhutdinov and Raquel Urtasun and Antonio Torralba and Sanja Fidler},
booktitle = {arXiv preprint arXiv:1506.06724},
year = {2015}
}

@inproceedings{Maaten2008VisualizingDU,
  title={Visualizing Data using t-SNE},
  author={Laurens van der Maaten and Geoffrey E. Hinton},
  year={2008}
}

@article{Chen2014DerivingLR,
  title={Deriving local relational surface forms from dependency-based entity embeddings for unsupervised spoken language understanding},
  author={Yun-Nung Chen and Dilek Z. Hakkani-T{\"u}r and G{\"o}khan T{\"u}r},
  journal={2014 IEEE Spoken Language Technology Workshop (SLT)},
  year={2014},
  pages={242-247}
}

  @book{nltk,
 author = {Bird, Steven and Klein, Ewan and Loper, Edward},
 title = {Natural Language Processing with Python},
 year = {2009},
 isbn = {0596516495},
 publisher = {O’Reilly Media, Inc.},
 edition = {1st}
}


  @inproceedings{openfst,
 author = {Allauzen, Cyril and Riley, Michael and Schalkwyk, Johan and Skut, Wojciech and Mohri, Mehryar},
 title = {OpenFst: A General and Efficient Weighted Finite-State Transducer Library},
 year = {2007},
 isbn = {354076335X},
 publisher = {Springer-Verlag},
 address = {Berlin, Heidelberg},
 booktitle = {Proceedings of the 12th International Conference on Implementation and Application of Automata},
 pages = {11–23},
 numpages = {13},
 keywords = {rational power series, finite-state transducers, weighted automata},
 location = {Prague, Czech Republic},
 series = {CIAA’07}
}

  @inproceedings{opengrm,
 author = {Roark, Brian and Sproat, Richard and Allauzen, Cyril and Riley, Michael and Sorensen, Jeffrey and Tai, Terry},
 title = {The OpenGrm Open-Source Finite-State Grammar Software Libraries},
 year = {2012},
 publisher = {Association for Computational Linguistics},
 address = {USA},
 booktitle = {Proceedings of the ACL 2012 System Demonstrations},
 pages = {61–66},
 numpages = {6},
 location = {Jeju Island, Korea},
 series = {ACL ’12}
}

@unpublished{spacy2,
    AUTHOR = {Honnibal, Matthew and Montani, Ines},
    TITLE  = {{spaCy 2}: Natural language understanding with {B}loom embeddings, convolutional neural networks and incremental parsing},
    YEAR   = {2017},
    Note   = {To appear}
}